@Misc{arcade,
  OPTkey =       "",
  author =       "{The Python Arcade Library}",
  title =        "project website",
  OPThowpublished = "",
  OPTmonth =     "",
  year =         "2019",
  note =         "{http://arcade.academy/}",
  OPTannote =    "",
}
@article{kolling2015human,
  title={Human interaction with robot swarms: A survey},
  author={Kolling, Andreas and Walker, Phillip and Chakraborty, Nilanjan and Sycara, Katia and Lewis, Michael},
  journal={IEEE Transactions on Human-Machine Systems},
  volume={46},
  number={1},
  pages={9--26},
  year={2015},
  publisher={IEEE}
}

@misc{chollet2015,
author = {Fran√ßois Chollet },
title = {keras},
year = {2015},
publisher = {GitHub},
journal = {GitHub repository},
howpublished = {\url{https://github.com/fchollet/keras}},
commit = {5bcac37}
}

@article{lewis2013human,
  title={Human interaction with multiple remote robots},
  author={Lewis, Michael},
  journal={Reviews of Human Factors and Ergonomics},
  volume={9},
  number={1},
  pages={131--174},
  year={2013},
  publisher={SAGE Publications Sage CA: Los Angeles, CA}
}
@inproceedings{lewis2006teamwork,
  title={Teamwork coordination for realistically complex multi robot systems},
  author={Lewis, Michael and Wang, Jijun and Scerri, Paul},
  booktitle={NATO Symposium on Human Factors of Uninhabited Military Vehicles as Force Multipliers},
  pages={1--12},
  year={2006}
}
@inproceedings{naghsh2008analysis,
  title={Analysis and design of human-robot swarm interaction in firefighting},
  author={Naghsh, Amir M and Gancet, Jeremi and Tanoto, Andry and Roast, Chris},
  booktitle={RO-MAN 2008-The 17th IEEE International Symposium on Robot and Human Interactive Communication},
  pages={255--260},
  year={2008},
  organization={IEEE}
}
@inproceedings{alboul2008mixed,
  title={Mixed human-robot team navigation in the GUARDIANS project},
  author={Alboul, Lyuba and Saez-Pons, Joan and Penders, Jacques},
  booktitle={2008 IEEE International Workshop on Safety, Security and Rescue Robotics},
  pages={95--101},
  year={2008},
  organization={IEEE}
}
@techreport{haas2009extreme,
  title={Extreme scalability: Designing interfaces and algorithms for soldier-robotic swarm interaction},
  author={Haas, Ellen and Fields, MaryAnne and Hill, Susan and Stachowiak, Christopher},
  year={2009},
  institution={Army Research Lab Aberdeen Proving Ground MD}
}
@inproceedings{tabibian2014towards,
  title={Towards a cognitively-based analytic model of human control of swarms},
  author={Tabibian, Seyed Behzad and Lewis, Michael and Lebiere, Christian and Chakraborty, Nilanjan and Sycara, Katia and Bennati, Stefano and Oishi, Meeko},
  booktitle={2014 AAAI Spring Symposium Series},
  year={2014}
}
@inproceedings{sycara2015abstraction,
  title={Abstraction of analytical models from cognitive models of human control of robotic swarms},
  author={Sycara, Katia and Lebiere, Christian and Pei, Yulong and Morrison, Donald and Lewis, Michael},
  booktitle={International Conference on Cognitive Modeling},
  year={2015},
  organization={University of Pittsburgh}
}
@inproceedings{nagavalli2015bounds,
  title={Bounds of neglect benevolence in input timing for human interaction with robotic swarms},
  author={Nagavalli, Sasanka and Chien, Shih-Yi and Lewis, Michael and Chakraborty, Nilanjan and Sycara, Katia},
  booktitle={Proceedings of the tenth annual acm/ieee international conference on human-robot interaction},
  pages={197--204},
  year={2015},
  organization={ACM}
}

@inproceedings{hexmoor2005swarm,
  title={Swarm Control in Unmanned Aerial Vehicles.},
  author={Hexmoor, Henry and McLaughlan, Brian and Baker, Matt},
  booktitle={IC-AI},
  pages={911--917},
  year={2005}
}

@inproceedings{walker2013levels,
  title={Levels of automation for human influence of robot swarms},
  author={Walker, Phillip and Nunnally, Steven and Lewis, Michael and Chakraborty, Nilanjan and Sycara, Katia},
  booktitle={Proceedings of the Human Factors and Ergonomics Society Annual Meeting},
  volume={57},
  number={1},
  pages={429--433},
  year={2013},
  organization={SAGE Publications Sage CA: Los Angeles, CA}
}
@article{coppin2011autonomy,
  title={Autonomy spectrum and performance perception issues in swarm supervisory control},
  author={Coppin, Gilles and Legras, Fran{\c{c}}ois},
  journal={Proceedings of the IEEE},
  volume={100},
  number={3},
  pages={590--603},
  year={2011},
  publisher={IEEE}
}


@article{innocente2019self,
  title={Self-organising swarms of firefighting drones: Harnessing the power of collective intelligence in decentralised multi-robot systems},
  author={Innocente, Mauro S and Grasso, Paolo},
  journal={Journal of Computational Science},
  volume={34},
  pages={80--101},
  year={2019},
  publisher={Elsevier}
}

@inproceedings{casbeer2005forest,
  title={Forest fire monitoring with multiple small {UAV}s},
  author={Casbeer, David W and Beard, Randal W and McLain, Timothy W and Li, Sai-Ming and Mehra, Raman K},
  booktitle={Proceedings of the 2005, American Control Conference, 2005.},
  pages={3530--3535},
  year={2005},
  organization={IEEE}
}

@article{torresan2017forestry,
  title={Forestry applications of {UAV}s in Europe: A review},
  author={Torresan, Chiara and Berton, Andrea and Carotenuto, Federico and Di Gennaro, Salvatore Filippo and Gioli, Beniamino and Matese, Alessandro and Miglietta, Franco and Vagnoli, Carolina and Zaldei, Alessandro and Wallace, Luke},
  journal={International Journal of Remote Sensing},
  volume={38},
  number={8-10},
  pages={2427--2447},
  year={2017},
  publisher={Taylor \& Francis}
}

@inproceedings{busnel2019self,
  title={Self-organized Disaster Management System by Distributed Deployment of Connected {UAV}s},
  author={Busnel, Yann and Caillouet, Christelle and Coudert, David},
  booktitle={ICT-DM 2019-6th International Conference on Information and Communication Technologies for Disaster Management},
  year={2019}
}

@incollection{luo2019unmanned,
  title={Unmanned aerial vehicles for disaster management},
  author={Luo, Chunbo and Miao, Wang and Ullah, Hanif and McClean, Sally and Parr, Gerard and Min, Geyong},
  booktitle={Geological Disaster Monitoring Based on Sensor Networks},
  pages={83--107},
  year={2019},
  publisher={Springer}
}

@inproceedings{gkotsis2019swarm,
  title={Swarm of {UAVs} as an emergency response technology},
  author={Gkotsis, Ilias and Kousouraki, Agavi-Christina and Eftychidis, George and Kolios, Panayiotis and Terzi, Maria},
  booktitle={Risk Analysis Based on Data and Crisis Response Beyond Knowledge: Proceedings of the 7th International Conference on Risk Analysis and Crisis Response (RACR 2019), October 15-19, 2019, Athens, Greece},
  pages={353},
  year={2019},
  organization={CRC Press}
}
@article{ramchurn2016human,
  title={Human--agent collaboration for disaster response},
  author={Ramchurn, Sarvapali D and Wu, Feng and Jiang, Wenchao and Fischer, Joel E and Reece, Steve and Roberts, Stephen and Rodden, Tom and Greenhalgh, Chris and Jennings, Nicholas R},
  journal={Autonomous Agents and Multi-Agent Systems},
  volume={30},
  number={1},
  pages={82--111},
  year={2016},
  publisher={Springer}
}
@inproceedings{ALSaamas18,
 address = {Stockholm, Sweden},
 author = {Alper Turan Alan and Chang Liu and Elliot Salisbury and Stephen D Prior and Sarvapali D. Ramchurn and Feng Wu and Kerry Tatlock and Gareth Rees},
 booktitle = {Proceedings of the 17th International Conference on Autonomous Agents and Multi-Agent Systems (AAMAS)},
 month = {July},
 pages = {1791-1793},
 title = {Human-{UAV} Teaming in Dynamic and Uncertain Environments},
 year = {2018}
}
@article{ramchurn2016disaster,
  title={A disaster response system based on human-agent collectives},
  author={Ramchurn, Sarvapali D and Huynh, Trung Dong and Wu, Feng and Ikuno, Yukki and Flann, Jack and Moreau, Luc and Fischer, Joel E and Jiang, Wenchao and Rodden, Tom and Simpson, Edwin and others},
  journal={Journal of Artificial Intelligence Research},
  volume={57},
  pages={661--708},
  year={2016}
}

@book{hamann2018swarm,
  title={Swarm robotics: A formal approach},
  author={Hamann, Heiko},
  year={2018},
  publisher={Springer}
}
@inproceedings{capelli2019communication,
  title={Communication Through Motion: Legibility of Multi-Robot Systems},
  author={Capelli, Beatrice and Secchi, Cristian and Sabattini, Lorenzo},
  booktitle={2019 International Symposium on Multi-Robot and Multi-Agent Systems (MRS)},
  pages={126--132},
  year={2019},
  organization={IEEE}
}
@article{erdelj2017wireless,
  title={Wireless sensor networks and multi-{UAV} systems for natural disaster management},
  author={Erdelj, Milan and Kr{\'o}l, Micha{\l} and Natalizio, Enrico},
  journal={Computer Networks},
  volume={124},
  pages={72--86},
  year={2017},
  publisher={Elsevier}
}

@inproceedings{graml2008bushfire,
  title={Bushfire hotspot detection through uninhabited aerial vehicles and reconfigurable computing},
  author={Graml, Ronald and Wigley, Grant},
  booktitle={2008 IEEE Aerospace Conference},
  pages={1--13},
  year={2008},
  organization={IEEE}
}

@article{yuan2015survey,
  title={A survey on technologies for automatic forest fire monitoring, detection, and fighting using unmanned aerial vehicles and remote sensing techniques},
  author={Yuan, Chi and Zhang, Youmin and Liu, Zhixiang},
  journal={Canadian journal of forest research},
  volume={45},
  number={7},
  pages={783--792},
  year={2015},
  publisher={NRC Research Press}
}

@inproceedings{innocente2018swarm,
  title={Swarm of autonomous drones self-organised to fight the spread of wildfires.},
  author={Innocente, Mauro S and Grasso, Paolo},
  booktitle={RSFF},
  pages={30--39},
  year={2018}
}

@inproceedings{daniel2009airshield,
  title={AirShield: A system-of-systems {MUAV} remote sensing architecture for disaster response},
  author={Daniel, Kai and Dusza, Bjoern and Lewandowski, Andreas and Wietfeld, Christian},
  booktitle={2009 3rd Annual IEEE Systems Conference},
  pages={196--200},
  year={2009},
  organization={IEEE}
}

@article{st2019planetary,
  title={Planetary exploration with robot teams: Implementing higher autonomy with swarm intelligence},
  author={St-Onge, David and Kaufmann, Marcel and Panerati, Jacopo and Ramtoula, Benjamin and Cao, Yanjun and Coffey, Emily BJ and Beltrame, Giovanni},
  journal={IEEE Robotics \& Automation Magazine},
  year={2019}
}

@article{chung2018survey,
  title={A survey on aerial swarm robotics},
  author={Chung, Soon-Jo and Paranjape, Aditya Avinash and Dames, Philip and Shen, Shaojie and Kumar, Vijay},
  journal={IEEE Transactions on Robotics},
  volume={34},
  number={4},
  pages={837--855},
  year={2018},
  publisher={IEEE}
}
@inproceedings{ashcraft2019moderating,
  title={Moderating Operator Influence in Human-Swarm Systems},
  author={Ashcraft, C Chace and Goodrich, Michael A and Crandall, Jacob W},
  booktitle={2019 IEEE International Conference on Systems, Man and Cybernetics (SMC)},
  pages={4275--4282},
  year={2019},
  organization={IEEE}
}
@article{matsuka2019distributed,
  title={Distributed multi-target relative pose estimation for cooperative spacecraft swarm},
  author={Matsuka, Kai and Lupu, Elena Sorina and Nakka, Yashwanth Kumar and Foust, Rebecca and Chung, Soon-Jo and Had{\ae}gh, Fred},
  year={2019}
}
@article{nam2019models,
  title={Models of Trust in Human Control of Swarms With Varied Levels of Autonomy},
  author={Nam, Changjoo and Walker, Phillip and Li, Huao and Lewis, Michael and Sycara, Katia},
  journal={IEEE Transactions on Human-Machine Systems},
  year={2019},
  publisher={IEEE}
}



@inproceedings{liu2019trust,
  title={Trust-Aware Behavior Reflection for Robot Swarm Self-Healing},
  author={Liu, Rui and Jia, Fan and Luo, Wenhao and Chandarana, Meghan and Nam, Changjoo and Lewis, Michael and Sycara, Katia},
  booktitle={Proceedings of the 18th International Conference on Autonomous Agents and MultiAgent Systems},
  pages={122--130},
  year={2019},
  organization={International Foundation for Autonomous Agents and Multiagent Systems}
}
@inproceedings{cain2019human,
  title={Human perception and prediction of robot swarm motion},
  author={Cain, Matthew S and Wendell, Dawn M},
  booktitle={Micro-and Nanotechnology Sensors, Systems, and Applications XI},
  volume={10982},
  pages={1098226},
  year={2019},
  organization={International Society for Optics and Photonics}
}

@inproceedings{levillain2018more,
  title={More than the sum of its parts: Assessing the coherence and expressivity of a robotic swarm},
  author={Levillain, Florent and St-Onge, David and Zibetti, Elisabetta and Beltrame, Giovanni},
  booktitle={2018 27th IEEE International Symposium on Robot and Human Interactive Communication (RO-MAN)},
  pages={583--588},
  year={2018},
  organization={IEEE}
}

@inproceedings{adams2018swarm,
  title={Swarm transparency},
  author={Adams, Julie A and Chen, Jessie YC and Goodrich, Michael A},
  booktitle={Companion of the 2018 ACM/IEEE International Conference on Human-Robot Interaction},
  pages={45--46},
  year={2018}
}

@article{gao2019unmanned,
  title={Unmanned aerial vehicle swarm distributed cooperation method based on situation awareness consensus and its information processing mechanism},
  author={Gao, Yang and Li, Dongsheng},
  journal={Knowledge-Based Systems},
  pages={105034},
  year={2019},
  publisher={Elsevier}
}
@inproceedings{rojas2019encephalographic,
  title={Encephalographic Assessment of Situation Awareness in Teleoperation of Human-Swarm Teaming},
  author={Rojas, Raul Fernandez and Debie, Essam and Fidock, Justin and Barlow, Michael and Kasmarik, Kathryn and Anavatti, Sreenatha and Garratt, Matthew and Abbass, Hussein},
  booktitle={International Conference on Neural Information Processing},
  pages={530--539},
  year={2019},
  organization={Springer}
}